<record><leader>00000cas a2200000 a 4500</leader><controlfield tag="001">11693359</controlfield><controlfield tag="008">850214d18841886ksuwr ne      0   a0eng d</controlfield><datafield ind1=" " ind2=" " tag="010"><subfield code="a">sn 85030930 </subfield></datafield><datafield ind1=" " ind2=" " tag="040"><subfield code="a">KSH</subfield><subfield code="b">eng</subfield><subfield code="c">KSH</subfield><subfield code="d">NPT</subfield><subfield code="d">OCL</subfield><subfield code="d">OCLCQ</subfield></datafield><datafield ind1=" " ind2=" " tag="042"><subfield code="a">msc</subfield></datafield><datafield ind1="0" ind2="0" tag="245"><subfield code="a">Lincoln banner.</subfield></datafield><datafield ind1=" " ind2=" " tag="260"><subfield code="a">Lincoln, Kan. :</subfield><subfield code="b">Pinkerton &amp; Bower,</subfield><subfield code="c">1884-1886.</subfield></datafield><datafield ind1=" " ind2=" " tag="300"><subfield code="a">2 v. ;</subfield><subfield code="c">50-59 cm.</subfield></datafield><datafield ind1=" " ind2=" " tag="310"><subfield code="a">Weekly</subfield></datafield><datafield ind1="0" ind2=" " tag="362"><subfield code="a">Vol. 9, no. 39 (Feb. 28, 1884)-v. 11, no. 33 (Jan. 13, 1886).</subfield></datafield><datafield ind1=" " ind2=" " tag="500"><subfield code="a">Published by: The Banner Co., Dec. 10, 1884-Jan. 6, 1886; Banner Co. and Daughters &amp; Smith, Jan. 13, 1886.</subfield></datafield><datafield ind1=" " ind2=" " tag="752"><subfield code="a">United States</subfield><subfield code="b">Kansas</subfield><subfield code="c">Lincoln</subfield><subfield code="d">Lincoln.</subfield></datafield><datafield ind1="0" ind2="0" tag="780"><subfield code="t">Saline Valley register (Lincoln, Kan. : 1881)</subfield><subfield code="w">(DLC)sn 85030931</subfield></datafield><datafield ind1="0" ind2="0" tag="785"><subfield code="t">Lincoln republican (Lincoln, Kan.)</subfield><subfield code="w">(DLC)sn 85030928</subfield></datafield></record>